<?xml version="1.0" encoding="UTF-8"?><collection xmlns="http://www.loc.gov/MARC21/slim"><record><leader>00381nam--2200121-i-4500</leader><controlfield tag="001">000027107</controlfield><controlfield tag="002">20161230</controlfield><controlfield tag="005">20161230201036</controlfield><controlfield tag="008">060222s1000------------r-----000-0-eng-d</controlfield><datafield ind1=" " ind2=" " tag="080"><subfield code="a">5(09:498)</subfield></datafield><datafield ind1=" " ind2=" " tag="245"><subfield code="a">Istoria gindirii si creatiei stiintifice si tehnice romanesti.din antichitate pina la formarea stiintei moderne</subfield></datafield><datafield ind1=" " ind2=" " tag="260"><subfield code="a">Bucuresti,Editura Academiei, 1982. 392p</subfield></datafield><datafield ind1=" " ind2=" " tag="852"><subfield code="a">75688</subfield></datafield></record></collection>